@article{flask-doc,
  title = {Welcome to Flask},
  url = {https://flask.palletsprojects.com/en/3.0.x/},
  note = {Accessed on October 23, 2023},
}


@article{google,
  title = {Cloud storage triggers},
  url = {https://cloud.google.com/functions/docs/calling/storage},
  note = {Accessed on October 23, 2023},
author = {Google},
year = {2023},
}



@article{vat2016development,
  title={The Development of Integrated Stroke Care in the Netherlands a Benchmark Study},
  author={Vat, Lidewij E and Middelkoop, Ingrid and Buijck, Bianca I and Minkman, Mirella MN},
  year={2016},
  publisher={Ubiquity Press}
}

@article{gdpr-alchemer,
  author = {Botha, M.},
  title = {What is GDPR?},
  year = {2021},
  month = {August},
  day = {26},
  url = {https://www.alchemer.com/resources/blog/what-is-gdpr/},
  note = {Accessed on October 23, 2023},
}

@article{talby-oreilly,
  author = {Talby, D.},
  title = {Lessons learned turning machine learning models into real products and services},
  year = {2018},
  month = {June},
  day = {5},
  organization = {O'Reilly Media},
  url = {https://www.oreilly.com/radar/lessons-learned-turning-machine-learning-models-into-real-products-and-services/},
  note = {Accessed on October 23, 2023},
}
